<?xml version="1.0" encoding="utf-8"?>
<record xmlns="http://www.loc.gov/MARC21/slim" xmlns:xsi="http://www.w3.org/2001/XMLSchema-instance" xsi:schemaLocation="http://www.loc.gov/MARC21/slim http://www.loc.gov/standards/marcxml/schema/MARC21slim.xsd">
	<leader>     nam a22        4500</leader>
	<controlfield tag="001">b12684405</controlfield>
	<controlfield tag="003">LeBAU</controlfield>
	<controlfield tag="006">m        d        </controlfield>
	<controlfield tag="007">cr cn |||m|||a</controlfield>
	<controlfield tag="008">170718s1908    ua      o     ||0 0 ara d</controlfield>
	<datafield ind1=" " ind2=" " tag="040">
		<subfield code="a">NNU</subfield>
		<subfield code="b">ara</subfield>
		<subfield code="e">rda</subfield>
		<subfield code="c">NNU</subfield>
	</datafield>
	<datafield ind1="0" ind2="4" tag="082">
		<subfield code="a">953.8</subfield>
		<subfield code="2">22</subfield>
	</datafield>
	<datafield ind1="1" ind2=" " tag="100">
		<subfield code="6">880-01</subfield>
		<subfield code="a">Samhūdī, ʻAlī ibn ʻAbd Allāh,</subfield>
		<subfield code="d">1440-1506,</subfield>
		<subfield code="e">author.</subfield>
	</datafield>
	<datafield ind1="1" ind2="0" tag="245">
		<subfield code="6">880-02</subfield>
		<subfield code="a">Kitāb Wafā’ al-wafā bi-akhbār dār al-Muṣṭafá ṣallá Allāh ‘alayhi wa-sallam /</subfield>
		<subfield code="c">ta’līf al-shaykh al-imām al-‘allāmah wa-al-‘umdah al-fahhāmah shaykh al-Islām wa-muftī al-anām wa-awḥad al-‘ulamā’ al-a‘lām dhū al-taṣānīf al-mufīdah wa-al-mu’allafāt al-farīdah al-‘adīdah al-sayyid al-sharīf Nūr al-Dīn ‘Alī ibn al-Sayyid al-sharīf al-‘ālim al-‘allāmah al-muḥaqqiq al-mudaqqiq Jamāl al-Dīn Abū al-Maḥāsin ‘Abd Allāh ibn al-Sayyid al-sharīf Shihāb al-Dīn ibn al-‘Abbās Aḥmad al-Ḥusaynī al-Shāfi‘ī al-Samhūdī, nazīl Ṭībah al-musharrafah.</subfield>
	</datafield>
	<datafield ind1="3" ind2="0" tag="246">
		<subfield code="6">880-03</subfield>
		<subfield code="a">Wafā’ al-wafā bi-akhbār dār al-Muṣṭafá</subfield>
	</datafield>
	<datafield ind1=" " ind2="1" tag="264">
		<subfield code="6">880-04</subfield>
		<subfield code="a">Miṣr :</subfield>
		<subfield code="b">Maṭba‘at al-Ādāb wa-al-Mu’ayyad,</subfield>
		<subfield code="c">1326 [H.], [1908? M.]</subfield>
	</datafield>
	<datafield ind1=" " ind2=" " tag="300">
		<subfield code="6">880-05</subfield>
		<subfield code="a">online resource (4 volumes)</subfield>
	</datafield>
	<datafield ind1=" " ind2=" " tag="336">
		<subfield code="a">text</subfield>
		<subfield code="2">rdacontent</subfield>
	</datafield>
	<datafield ind1=" " ind2=" " tag="337">
		<subfield code="a">computer</subfield>
		<subfield code="2">rdamedia</subfield>
	</datafield>
	<datafield ind1=" " ind2=" " tag="338">
		<subfield code="a">online resource</subfield>
		<subfield code="2">rdacarrier</subfield>
	</datafield>
	<datafield ind1=" " ind2=" " tag="500">
		<subfield code="a">Part of the Arabic Collections Online (ACO) project, contributed by American University of Beirut's Jafet Memorial Library.</subfield>
	</datafield>
	<datafield ind1=" " ind2=" " tag="533">
		<subfield code="a">Electronic reproduction.</subfield>
		<subfield code="b">New York, N.Y. :</subfield>
		<subfield code="c">New York University,</subfield>
		<subfield code="d">2017.</subfield>
		<subfield code="5">NNU</subfield>
	</datafield>
	<datafield ind1=" " ind2=" " tag="590">
		<subfield code="a">في المكتبة: الأجزاء 1-2 من إصدار مطبعة الآداب والمؤيد؛ والأجزاء 3-4 من إصدار مطبعة السعادة.</subfield>
	</datafield>
	<datafield ind1=" " ind2="4" tag="650">
		<subfield code="a">المزارات الاسلامية</subfield>
		<subfield code="z">السعودية</subfield>
		<subfield code="z">المدينة المنورة.</subfield>
	</datafield>
	<datafield ind1=" " ind2="0" tag="650">
		<subfield code="a">Islamic shrines</subfield>
		<subfield code="z">Saudi Arabia</subfield>
		<subfield code="z">Medina.</subfield>
	</datafield>
	<datafield ind1=" " ind2="4" tag="651">
		<subfield code="a">المدينة المنورة (السعودية)</subfield>
		<subfield code="x">الأبنية، الإنشاءات، الخ.</subfield>
	</datafield>
	<datafield ind1=" " ind2="4" tag="651">
		<subfield code="a">المدينة المنورة (السعودية)</subfield>
		<subfield code="x">تاريخ.</subfield>
	</datafield>
	<datafield ind1=" " ind2="4" tag="651">
		<subfield code="a">المدينة المنورة (السعودية)</subfield>
		<subfield code="x">وصف ورحلات.</subfield>
	</datafield>
	<datafield ind1=" " ind2="0" tag="651">
		<subfield code="a">Medina (Saudi Arabia)</subfield>
		<subfield code="x">Buildings, structures, etc..</subfield>
	</datafield>
	<datafield ind1=" " ind2="0" tag="651">
		<subfield code="a">Medina (Saudi Arabia)</subfield>
		<subfield code="x">History.</subfield>
	</datafield>
	<datafield ind1=" " ind2="0" tag="651">
		<subfield code="a">Medina (Saudi Arabia)</subfield>
		<subfield code="x">Description and travel.</subfield>
	</datafield>
	<datafield ind1="2" ind2=" " tag="710">
		<subfield code="a">Jafet Memorial Library.</subfield>
	</datafield>
	<datafield ind1="0" ind2=" " tag="730">
		<subfield code="a">Arabic Collections Online.</subfield>
	</datafield>
	<datafield ind1="0" ind2=" " tag="775">
		<subfield code="6">880-06</subfield>
		<subfield code="t">Kitāb Wafā’ al-wafā bi-akhbār dār al-Muṣṭafá.</subfield>
		<subfield code="b">al-Ṭab‘ah al-ūlá</subfield>
		<subfield code="d">Miṣr : Maṭba‘at al-Sa‘ādah, 1955</subfield>
		<subfield code="w">b19030290</subfield>
	</datafield>
	<datafield ind1="0" ind2=" " tag="775">
		<subfield code="6">880-07</subfield>
		<subfield code="t">Wafā’ al-wafā bi-akhbār dār al-Muṣṭafá </subfield>
		<subfield code="b">الطبعة الأولى</subfield>
		<subfield code="d">Makkah al-Mukarramah : Mu’assasat al-Furqān lil-Turāth al-Islāmī, 2001</subfield>
		<subfield code="w">(OCoLC)784572774</subfield>
		<subfield code="w">(OCoLC)784572774</subfield>
	</datafield>
	<datafield ind1="0" ind2="8" tag="776">
		<subfield code="i">Print version:</subfield>
		<subfield code="a">Samhūdī, ʻAlī ibn ʻAbd Allāh, 1440-1506, author.</subfield>
		<subfield code="t">Kitāb Wafā’ al-wafā bi-akhbār dār al-Muṣṭafá ṣallá Allāh ‘alayhi wa-sallam</subfield>
		<subfield code="w">(LeBAU)b12684405</subfield>
	</datafield>
	<datafield ind1="4" ind2="0" tag="856">
		<subfield code="u">http://hdl.handle.net/2333.1/cfxpp1qj</subfield>
	</datafield>
	<datafield ind1="1" ind2=" " tag="880">
		<subfield code="6">100-01/(3/r</subfield>
		<subfield code="a">السمهودي، علي بن عبد الله،</subfield>
		<subfield code="d">1440-1506،</subfield>
		<subfield code="e">مؤلف. </subfield>
		<subfield code="4">aut.</subfield>
	</datafield>
	<datafield ind1="1" ind2="0" tag="880">
		<subfield code="6">245-02/(3/r</subfield>
		<subfield code="a">كتاب وفاء الوفا بأخبار دار المصطفى صلى الله عليه وسلم /</subfield>
		<subfield code="c">تأليف الشيخ الإمام العلامة والعمدة الفهامة شيخ الإسلام ومفتي الأنام أوحد العلماء الأعلام ذو التصانيف المفيدة والمؤلفات الفريدة العديدة السيد الشريف نور الدين علي بن السيد الشريف العالم العلامة المحقق المدقق جمال الدين أبو المحاسن عبد الله بن السيد الشريف شهاب الدين بن العباس أحمد الحسيني الشافعي السمهودي، نزيل طيبة المشرفة.</subfield>
	</datafield>
	<datafield ind1="3" ind2="0" tag="880">
		<subfield code="6">246-03/(3/r</subfield>
		<subfield code="a">وفاء الوفا بأخبار دار المصطفى</subfield>
	</datafield>
	<datafield ind1=" " ind2="1" tag="880">
		<subfield code="6">264-04/(3/r</subfield>
		<subfield code="a">مصر :</subfield>
		<subfield code="b">مطبعة الآداب والمؤيد،</subfield>
		<subfield code="c">1326 هـ.، [1908؟ م.]</subfield>
	</datafield>
	<datafield ind1=" " ind2=" " tag="880">
		<subfield code="6">300-05/(3/r</subfield>
		<subfield code="a">4 أجزاء ؛</subfield>
		<subfield code="c">23 سم</subfield>
	</datafield>
	<datafield ind1="0" ind2=" " tag="880">
		<subfield code="6">775-06/(3/r</subfield>
		<subfield code="t">كتاب وفاء الوفا بأخبار دار المصطفى.</subfield>
		<subfield code="b">الطبعة الأولى</subfield>
		<subfield code="d">مصر : مطبعة السعادة، 1955</subfield>
		<subfield code="w">b19030290</subfield>
	</datafield>
	<datafield ind1="0" ind2=" " tag="880">
		<subfield code="6">775-07/(3/r</subfield>
		<subfield code="t">وفاء الوفاء باخبار دار المصطفى.</subfield>
		<subfield code="d">مكة المكرمة : مؤسسة الفرقان للتراث الاسلامي، c2001</subfield>
		<subfield code="w">b14028116</subfield>
		<subfield code="w">b14028116</subfield>
		<subfield code="w">(OCoLC)784572774</subfield>
	</datafield>
	<datafield ind1=" " ind2=" " tag="959">
		<subfield code="a">NNU</subfield>
		<subfield code="b">WEB</subfield>
		<subfield code="c">GENI</subfield>
		<subfield code="t">0</subfield>
		<subfield code="m">Electronic access</subfield>
		<subfield code="s">01</subfield>
	</datafield>
	<datafield ind1=" " ind2=" " tag="999">
		<subfield code="i">LeBAU_b12684405</subfield>
		<subfield code="s">aub_aco001201:v.1</subfield>
		<subfield code="s">aub_aco001202:v.2</subfield>
		<subfield code="e">(ERROR-MISC)</subfield>
	</datafield>
</record>
